<?xml version="1.0" encoding="UTF-8"?><record xmlns="http://www.loc.gov/MARC21/slim" xmlns:cinclude="http://apache.org/cocoon/include/1.0" xmlns:zs="http://www.loc.gov/zing/srw/">
  <leader>00438cz  a2200133n  4500</leader>
  <controlfield tag="001">n 2012077671</controlfield>
  <controlfield tag="003">DLC</controlfield>
  <controlfield tag="005">20130508075153.0</controlfield>
  <controlfield tag="008">121218n| azannaabn          |n aaa      </controlfield>
  <datafield tag="010" ind1=" " ind2=" ">
    <subfield code="a">n 2012077671</subfield>
  </datafield>
  <datafield tag="035" ind1=" " ind2=" ">
    <subfield code="a">(OCoLC)oca09369993</subfield>
  </datafield>
  <datafield tag="040" ind1=" " ind2=" ">
    <subfield code="a">DLC</subfield>
    <subfield code="b">eng</subfield>
    <subfield code="e">rda</subfield>
    <subfield code="c">DLC</subfield>
    <subfield code="d">IEN</subfield>
    <subfield code="d">DLC</subfield>
  </datafield>
  <datafield tag="100" ind1="1" ind2=" ">
    <subfield code="a">Schneerson, Menachem Mendel,</subfield>
    <subfield code="d">1902-1994.</subfield>
    <subfield code="t">Liḳuṭe śiḥot (Moʻadim, 4 parashiyot)</subfield>
  </datafield>
  <datafield tag="670" ind1=" " ind2=" ">
    <subfield code="a">Liḳuṭe śiḥot, c2010:</subfield>
    <subfield code="b">t.p. (Moʻadim, 4 parashiyot)</subfield>
  </datafield>
</record>